@article{DuBois_2001,
   title={Bose-Einstein condensation in trapped bosons: A variational Monte Carlo analysis},
   volume={63},
   ISSN={1094-1622},
   url={http://dx.doi.org/10.1103/PhysRevA.63.023602},
   DOI={10.1103/physreva.63.023602},
   number={2},
   journal={Physical Review A},
   publisher={American Physical Society (APS)},
   author={DuBois, J. L. and Glyde, H. R.},
   year={2001},
   month={Jan}
}

@article{Nilsen_2005,
   title={Vortices in atomic Bose-Einstein condensates in the large-gas-parameter region},
   volume={71},
   ISSN={1094-1622},
   url={http://dx.doi.org/10.1103/PhysRevA.71.053610},
   DOI={10.1103/physreva.71.053610},
   number={5},
   journal={Physical Review A},
   publisher={American Physical Society (APS)},
   author={Nilsen, J. K. and Mur-Petit, J. and Guilleumas, M. and Hjorth-Jensen, M. and Polls, A.},
   year={2005},
   month={May}
}
@article{PhysRevE.98.043304,
  title = {Standard error estimation by an automated blocking method},
  author = {Jonsson, Marius},
  journal = {Phys. Rev. E},
  volume = {98},
  issue = {4},
  pages = {043304},
  numpages = {17},
  year = {2018},
  month = {Oct},
  publisher = {American Physical Society},
  doi = {10.1103/PhysRevE.98.043304},
  url = {https://link.aps.org/doi/10.1103/PhysRevE.98.043304}
}

@misc{openmp08,
    author = {{OpenMP Architecture Review Board}},
    title = {{OpenMP} Application Program Interface Version 3.0},
    month = may,
    year = 2008,
    url = {http://www.openmp.org/mp-documents/spec30.pdf}
}
